@article{article,
author = {Phung, and Rhee,},
year = {2019},
month = {10},
pages = {4500},
title = {A High-Accuracy Model Average Ensemble of Convolutional Neural Networks for Classification of Cloud Image Patches on Small Datasets},
volume = {9},
journal = {Applied Sciences},
doi = {10.3390/app9214500}
}